@inproceedings{paper,
author = {Doe, John and Doe, Jane},
booktitle = {an awesome conference},
title = {A closely related paper},
year = {2014},
}

@misc{bundler,
  title = {Bundler File format},
  howpublished = {\url{http://www.cs.cornell.edu/~snavely/bundler/bundler-v0.4-manual.html#S6}},
  note = {Accessed: 2015-03-05}
}

@misc{pcl,
  title = {Point Cloud Library},
  howpublished = {\url{http://pointclouds.org/}},
  note = {Accessed: 2015-03-05}
}